%! Author = borisdeletic
%! Date = 02/04/2023

@misc{betancourt2018conceptual,
    title={A Conceptual Introduction to Hamiltonian Monte Carlo},
    author={Michael Betancourt},
    year={2018},
    eprint={1701.02434},
    archivePrefix={arXiv},
    primaryClass={stat.ME}
}

