%! Author = borisdeletic
%! Date = 02/04/2023

@misc{betancourt2018conceptual,
    title={A Conceptual Introduction to Hamiltonian Monte Carlo},
    author={Michael Betancourt},
    year={2018},
    eprint={1701.02434},
    archivePrefix={arXiv},
    primaryClass={stat.ME}
}

@article{Handley_polychord,
    doi = {10.1093/mnras/stv1911},
    url = {https://doi.org/10.1093/mnras/stv1911},
    year = {2015},
    publisher = {Oxford University Press ({OUP})},
    volume = {453},
    number = {4},
    pages = {4385--4399},
    author = {W. J. Handley and M. P. Hobson and A. N. Lasenby},
    title = {polychord: next-generation nested sampling},
    journal = {Monthly Notices of the Royal Astronomical Society}
}

@misc{betancourt2016integrationtime,
    title={Identifying the Optimal Integration Time in Hamiltonian Monte Carlo},
    author={Michael Betancourt},
    year={2016},
    eprint={1601.00225},
    archivePrefix={arXiv},
    primaryClass={stat.ME}
}

@misc{hoffman2011nouturn,
    title={The No-U-Turn Sampler: Adaptively Setting Path Lengths in Hamiltonian Monte Carlo},
    author={Matthew D. Hoffman and Andrew Gelman},
    year={2011},
    eprint={1111.4246},
    archivePrefix={arXiv},
    primaryClass={stat.CO}
}


@misc{betancourt2016energymetric,
    title={Diagnosing Suboptimal Cotangent Disintegrations in Hamiltonian Monte Carlo},
    author={Michael Betancourt},
    year={2016},
    eprint={1604.00695},
    archivePrefix={arXiv},
    primaryClass={stat.ME}
}


@article{MCMChamiltonian,
    title = {MCMC using Hamiltonian dynamics},
    author = {Radford M. Neal},
    year = {2012},
    eprint={1206.1901},
    archivePrefix={arXiv}
}

@inproceedings{Betancourt_2011_CHMC,
    doi = {10.1063/1.3573613},
    url = {https://doi.org/10.1063%2F1.3573613},
    year = 2011,
    publisher = {{AIP}},
    author = {Michael Betancourt and Ali Mohammad-Djafari and Jean-Franc{\c}ois Bercher and Pierre Bessie{\'}re},
    title = {Nested Sampling with Constrained Hamiltonian Monte Carlo},
    booktitle = {{AIP} Conference Proceedings}
}


@article{GMC,
    author = {Skilling,John },
    title = {Bayesian computation in big spaces-nested sampling and Galilean Monte Carlo},
    journal = {AIP Conference Proceedings},
    volume = {1443},
    number = {1},
    pages = {145-156},
    year = {2012},
    doi = {10.1063/1.3703630},
    URL = {https://aip.scitation.org/doi/abs/10.1063/1.3703630},
    eprint = {https://aip.scitation.org/doi/pdf/10.1063/1.3703630}
}
